<record><leader>00000cas a2200000 a 4500</leader><controlfield tag="001">14913939</controlfield><controlfield tag="008">861202u1950uuuuwiuwr ne      0   b0fin  </controlfield><controlfield tag="009">466</controlfield><datafield ind1=" " ind2=" " tag="010"><subfield code="a">sn 94003742 </subfield><subfield code="z">sn 86072171 </subfield></datafield><datafield ind1=" " ind2=" " tag="040"><subfield code="a">DLC</subfield><subfield code="b">eng</subfield><subfield code="c">DLC</subfield><subfield code="d">NPV</subfield><subfield code="d">NSD</subfield><subfield code="d">DLC</subfield><subfield code="d">OCLCQ</subfield><subfield code="d">OCLCO</subfield><subfield code="d">OCLCA</subfield><subfield code="d">OCLCF</subfield></datafield><datafield ind1="1" ind2=" " tag="022"><subfield code="a">1077-1727</subfield><subfield code="l">1077-1727</subfield><subfield code="2">1</subfield></datafield><datafield ind1="1" ind2=" " tag="029"><subfield code="a">AU@</subfield><subfield code="b">000011228945</subfield></datafield><datafield ind1=" " ind2=" " tag="032"><subfield code="a">645760</subfield><subfield code="b">USPS</subfield></datafield><datafield ind1=" " ind2=" " tag="037"><subfield code="b">Tyo&#776;mies Society, 1411 Banks Ave., Box 549, Superior, Wis. 54880</subfield></datafield><datafield ind1="0" ind2=" " tag="041"><subfield code="a">fineng</subfield></datafield><datafield ind1=" " ind2=" " tag="042"><subfield code="a">nsdp</subfield><subfield code="a">pcc</subfield></datafield><datafield ind1=" " ind2=" " tag="043"><subfield code="a">n-us-wi</subfield></datafield><datafield ind1="0" ind2="0" tag="050"><subfield code="a">Newspaper</subfield></datafield><datafield ind1=" " ind2="0" tag="222"><subfield code="a">Tyo&#776;mies eteenpa&#776;in</subfield></datafield><datafield ind1="0" ind2="0" tag="245"><subfield code="a">Tyo&#776;mies eteenpa&#776;in.</subfield></datafield><datafield ind1="1" ind2="3" tag="246"><subfield code="a">Tyo&#776;mies-eteenpa&#776;in</subfield></datafield><datafield ind1=" " ind2=" " tag="260"><subfield code="a">Superior, Wis. :</subfield><subfield code="b">Tyo&#776;mies Society,</subfield><subfield code="c">1950-</subfield></datafield><datafield ind1=" " ind2=" " tag="300"><subfield code="a">v.</subfield></datafield><datafield ind1=" " ind2=" " tag="310"><subfield code="a">Monthly,</subfield><subfield code="b">&lt;June 1994-&gt;</subfield></datafield><datafield ind1=" " ind2=" " tag="321"><subfield code="a">Frequency varies,</subfield><subfield code="b">1950-&lt;May 20, 1976&gt;</subfield></datafield><datafield ind1="0" ind2=" " tag="362"><subfield code="a">Vol. 1, no. 1 (Aug. 21, 1950)-</subfield></datafield><datafield ind1="8" ind2=" " tag="521"><subfield code="a">"Devoted to serving the best interests of the Finnish-American people."</subfield></datafield><datafield ind1=" " ind2=" " tag="530"><subfield code="a">Available on Microfilm from the State Historical Society of Wisconsin, and the Library of Congress, Photoduplication Service.</subfield></datafield><datafield ind1=" " ind2=" " tag="546"><subfield code="a">In Finnish with some columns in English.</subfield></datafield><datafield ind1=" " ind2=" " tag="580"><subfield code="a">Vols. for 1988-1990 include an English language section called: The Finnish American reporter, which became a separate publication in 1991.</subfield></datafield><datafield ind1=" " ind2="0" tag="650"><subfield code="a">Finnish Americans</subfield><subfield code="z">Wisconsin</subfield><subfield code="v">Newspapers.</subfield></datafield><datafield ind1=" " ind2="0" tag="650"><subfield code="a">Finnish Americans</subfield><subfield code="v">Newspapers.</subfield></datafield><datafield ind1=" " ind2="0" tag="651"><subfield code="a">Superior (Wis.)</subfield><subfield code="v">Newspapers.</subfield></datafield><datafield ind1=" " ind2="0" tag="651"><subfield code="a">Douglas County (Wis.)</subfield><subfield code="v">Newspapers.</subfield></datafield><datafield ind1=" " ind2="7" tag="655"><subfield code="a">Newspapers.</subfield><subfield code="2">fast</subfield><subfield code="0">(OCoLC)fst01423814</subfield></datafield><datafield ind1=" " ind2="7" tag="650"><subfield code="a">Finnish Americans.</subfield><subfield code="2">fast</subfield><subfield code="0">(OCoLC)fst00924936</subfield></datafield><datafield ind1=" " ind2="7" tag="651"><subfield code="a">Wisconsin.</subfield><subfield code="2">fast</subfield><subfield code="0">(OCoLC)fst01204595</subfield></datafield><datafield ind1=" " ind2="7" tag="651"><subfield code="a">Wisconsin</subfield><subfield code="z">Douglas County.</subfield><subfield code="2">fast</subfield><subfield code="0">(OCoLC)fst01215586</subfield></datafield><datafield ind1=" " ind2="7" tag="651"><subfield code="a">Wisconsin</subfield><subfield code="z">Superior.</subfield><subfield code="2">fast</subfield><subfield code="0">(OCoLC)fst01211147</subfield></datafield><datafield ind1=" " ind2=" " tag="752"><subfield code="a">United States</subfield><subfield code="b">Wisconsin</subfield><subfield code="c">Douglas</subfield><subfield code="d">Superior.</subfield></datafield><datafield ind1="2" ind2=" " tag="710"><subfield code="a">Tyo&#776;mies Society (U.S.)</subfield></datafield><datafield ind1="1" ind2=" " tag="777"><subfield code="t">Finnish American reporter</subfield><subfield code="w">(DLC)   94651320</subfield><subfield code="w">(OCoLC)25287673</subfield></datafield><datafield ind1="0" ind2="0" tag="780"><subfield code="t">Tyo&#776;mies</subfield><subfield code="w">(DLC)sn 83045425</subfield><subfield code="w">(OCoLC)9458932</subfield></datafield><datafield ind1=" " ind2=" " tag="936"><subfield code="a">Vol. 48, no. 12 (Dec. 1997) LIC</subfield></datafield></record>